@inproceedings{nsga,
  title={A fast elitist non-dominated sorting genetic algorithm for multi-objective optimization: NSGA-II},
  author={Deb, Kalyanmoy and Agrawal, Samir and Pratap, Amrit and Meyarivan, Tanaka},
  booktitle={International conference on parallel problem solving from nature},
  pages={849--858},
  year={2000},
  organization={Springer}
}
