@article{laurie,
  author = "Laurie Saint-Cricq",
  year = "2018",
  title = "Mod{\'e}lisation du syst{\`e}me manguier-c{\'e}cidomyie
des fleurs pour une {\'e}valuation de modes de
gestion du ravageur et de ses d{\'e}g{\^a}ts",
}
