@book{sa,
  title={Global sensitivity analysis: the primer},
  author={Saltelli, Andrea and Ratto, Marco and Andres, Terry and Campolongo, Francesca and Cariboni, Jessica and Gatelli, Debora and Saisana, Michaela and Tarantola, Stefano},
  year={2008},
  publisher={John Wiley \& Sons}
}


@article{nsga3,
  title={A Many-Objective Evolutionary Algorithm with Two Interacting Processes: Cascade Clustering and Reference Point Incremental Learning},
  author={Ge, Hongwei and Zhao, Mingde and Sun, Liang and Wang, Zhen and Tan, Guozhen and Zhang, Qiang and Chen, CL Philip},
  journal={IEEE Transactions on Evolutionary Computation},
  year={2018},
  publisher={IEEE}
}
