@article{a2014,
  title={{Diapause incidence and duration in the pest mango blossom gall midge, \emph{Procontarinia mangiferae} (Felt), on Reunion Island}},
  author={ Amouroux, Paul and Normand, Fr{\'e}d{\'e}ric and Delatte, H{\'e}l{\`e}ne and Roques, Alain and Nibouche, Samuel},
  journal={Bulletin of entomological research},
  volume={104},
  number={5},
  pages={661--670},
  year={2014},
  publisher={Cambridge University Press}
}
 
